@misc{CentripetalForce,
  title = {Centripetal Force | Physics},
  year = {n.d.},
  url = {https://courses.lumenlearning.com/suny-physics/chapter/6-3-centripetal-force/},
  note = {Accessed: March 2, 2025}
}

@online{LucasGhose2024,
  author = {Lucas, J. and Ghose, T.},
  title = {What are centrifugal and centripetal forces?},
  year = {2024},
  month = {September 4},
  url = {https://www.livescience.com/52488-centrifugal-centripetal-forces.html},
  note = {Accessed: March 2, 2025}
}
