@book{halliday2021fundamentals,
  author    = {Halliday, David and Resnick, Robert and Walker, Jearl},
  title     = {Fundamentals of Physics},
  edition   = {11},
  publisher = {Wiley},
  year      = {2021}
}

@book{knight2017physics,
  author    = {Knight, Randall D.},
  title     = {Physics for Scientists and Engineers: A Strategic Approach},
  edition   = {4},
  publisher = {Pearson},
  year      = {2017}
}

@book{young2020university,
  author    = {Young, Hugh D. and Freedman, Roger A.},
  title     = {University Physics with Modern Physics},
  edition   = {15},
  publisher = {Pearson},
  year      = {2020}
}
